<record><leader>00000cas a22000007a 4500</leader><controlfield tag="001">12846763</controlfield><controlfield tag="008">851126d18381839tnuwr ne      0    0eng  </controlfield><datafield ind1=" " ind2=" " tag="010"><subfield code="a">sn 85042759 </subfield></datafield><datafield ind1=" " ind2=" " tag="040"><subfield code="a">DLC</subfield><subfield code="b">eng</subfield><subfield code="c">DLC</subfield><subfield code="d">NPX</subfield><subfield code="d">TGN</subfield><subfield code="d">OCL</subfield><subfield code="d">OCLCO</subfield><subfield code="d">OCLCQ</subfield><subfield code="d">OCLCF</subfield></datafield><datafield ind1="1" ind2=" " tag="029"><subfield code="a">AU@</subfield><subfield code="b">000025823999</subfield></datafield><datafield ind1=" " ind2=" " tag="042"><subfield code="a">msc</subfield></datafield><datafield ind1=" " ind2=" " tag="043"><subfield code="a">n-us-tn</subfield></datafield><datafield ind1="0" ind2="0" tag="050"><subfield code="a">Newspaper 9793-X</subfield></datafield><datafield ind1="0" ind2="0" tag="245"><subfield code="a">Elizabethton republican and manufacturers' advocate.</subfield></datafield><datafield ind1=" " ind2=" " tag="260"><subfield code="a">Elizabethton, Tenn. :</subfield><subfield code="b">Lyon &amp; Gott</subfield></datafield><datafield ind1=" " ind2=" " tag="300"><subfield code="a">v. :</subfield><subfield code="b">ill. (chiefly advertisements) ;</subfield><subfield code="c">55 cm.</subfield></datafield><datafield ind1=" " ind2=" " tag="310"><subfield code="a">Weekly</subfield></datafield><datafield ind1="1" ind2=" " tag="362"><subfield code="a">Began with Apr. 21, 1838 issue.</subfield><subfield code="z">Cf. NIM.</subfield></datafield><datafield ind1="1" ind2=" " tag="362"><subfield code="a">Ceased in 1839.</subfield><subfield code="z">Cf. Merritt, F. Early hist. of Carter Co.</subfield></datafield><datafield ind1=" " ind2=" " tag="500"><subfield code="a">Editors: Mason R. Lyon, William Gott, &lt;1838&gt;.</subfield></datafield><datafield ind1=" " ind2=" " tag="530"><subfield code="a">Available on microfilm from Tennessee State Library and Archives.</subfield></datafield><datafield ind1=" " ind2=" " tag="580"><subfield code="a">Continued by: Tennessee Whig. Cf. Merritt, F. Early hist. of Carter Co.</subfield></datafield><datafield ind1=" " ind2=" " tag="588"><subfield code="a">Description based on: Vol. 1, no. 4 (May 12, 1838).</subfield></datafield><datafield ind1=" " ind2="0" tag="651"><subfield code="a">Elizabethton (Tenn.)</subfield><subfield code="v">Newspapers.</subfield></datafield><datafield ind1=" " ind2="0" tag="651"><subfield code="a">Carter County (Tenn.)</subfield><subfield code="v">Newspapers.</subfield></datafield><datafield ind1=" " ind2="7" tag="655"><subfield code="a">Newspapers.</subfield><subfield code="2">fast</subfield><subfield code="0">(OCoLC)fst01423814</subfield></datafield><datafield ind1=" " ind2="7" tag="651"><subfield code="a">Tennessee</subfield><subfield code="z">Carter County.</subfield><subfield code="2">fast</subfield><subfield code="0">(OCoLC)fst01215696</subfield></datafield><datafield ind1=" " ind2="7" tag="651"><subfield code="a">Tennessee</subfield><subfield code="z">Elizabethton.</subfield><subfield code="2">fast</subfield><subfield code="0">(OCoLC)fst01215694</subfield></datafield><datafield ind1=" " ind2=" " tag="752"><subfield code="a">United States</subfield><subfield code="b">Tennessee</subfield><subfield code="c">Carter</subfield><subfield code="d">Elizabethton.</subfield></datafield><datafield ind1="1" ind2="0" tag="785"><subfield code="t">Tennessee Whig</subfield><subfield code="w">(DLC)sn 83045537</subfield></datafield></record>